@article{lz77,
    author              = {Jacob Ziv and Abraham Lempel},
    title               = {A universal algorithm for sequential data compression},
    journal             = {Information Theory, IEEE Transactions},
    volume              = {23},
    issue               = {3},
    pages               = {337--343},
    date_of_publication = {May 1977},
    year                = {1977},
    ISSN                = {0018-9448},
    doi                 = {10.1109/TIT.1977.1055714},
    publisher           = {IEEE},
    url                 = {http://ieeexplore.ieee.org/xpl/articleDetails.jsp?arnumber=1055714}
}

@article{huffman,
    author              = {David A. Huffman},
    title               = {A Method for the Construction of Minimum-Redundancy Codes},
    journal             = {Proceedings of the IEEE},
    volume              = {40},
    issue               = {9},
    pages               = {1098--1101},
    date_of_publication = {September 1952},
    year                = {1952},
    ISSN                = {0096-8390},
    doi                 = {10.1109/JRPROC.1952.273898},
    publisher           = {IEEE},
    url                 = {{http://ieeexplore.ieee.org/xpl/articleDetails.jsp?arnumber=4051119}
}

@misc{tls12,
    author              = {Tim Dierks and Eric Rescorla},
    title               = {The Transport Layer Security (TLS) Protocol Version 1.2},
    date_of_publication = {August 2008},
    year                = {2008},
    publisher           = {IETF},
    url                 = {https://tools.ietf.org/html/rfc5246}
}

@misc{breach,
    author              = {Yoel Gluck, Neal Harris and Angelo Prado},
    title               = {The Transport Layer Security (TLS) Protocol Version 1.2},
    date_of_publication = {August 2008},
    year                = {2008},
    publisher           = {IETF},
    url                 = {https://tools.ietf.org/html/rfc5246}
}

@presentation{crime,
    author              = {Juliano Rizzo and Thai Duong},
    title               = {The CRIME attack},
    date_of_publication = {Septempber 2012},
    year                = {2012},
    conference          = {ekoparty},
    url                 = {https://docs.google.com/presentation/d/11eBmGiHbYcHR9gL5nDyZChu_-lCa2GizeuOfaLU2HOU/edit#slide=id.g1d134dff_1_222},
}

===============================================================================================

BiBteX Entries:

article{,
    author              = {},
    title               = {},
    journal             = {},
    volume              = {},
    issue               = {},
    pages               = {},
    date_of_publication = {},
    year                = {},
    ISSN                = {},
    doi                 = {},
    publisher           = {},
    url                 = {},
}

memo{,
    author              = {},
    title               = {},
    date_of_publication = {},
    year                = {},
    publisher           = {},
    url                 = {},
}
